%Introduction

@article{lewis2020retrieval,
  title={Retrieval-augmented generation for knowledge-intensive nlp tasks},
  author={Lewis, Patrick and Perez, Ethan and Piktus, Aleksandra and Petroni, Fabio and Karpukhin, Vladimir and Goyal, Naman and K{\"u}ttler, Heinrich and Lewis, Mike and Yih, Wen-tau and Rockt{\"a}schel, Tim and others},
  journal={Advances in Neural Information Processing Systems},
  volume={33},
  pages={9459--9474},
  year={2020},
  url = {https://proceedings.neurips.cc/paper/2020/hash/6b493230205f780e1bc26945df7481e5-Abstract.html}
}

@article{naveed2023comprehensive,
  title={A comprehensive overview of large language models},
  author={Naveed, Humza and Khan, Asad Ullah and Qiu, Shi and Saqib, Muhammad and Anwar, Saeed and Usman, Muhammad and Barnes, Nick and Mian, Ajmal},
  journal={arXiv preprint arXiv:2307.06435},
  year={2023},
  doi = {10.48550/arXiv.2307.06435}
}

@article{zhu2023large,
  title={Large language models for information retrieval: A survey},
  author={Zhu, Yutao and Yuan, Huaying and Wang, Shuting and Liu, Jiongnan and Liu, Wenhan and Deng, Chenlong and Dou, Zhicheng and Wen, Ji-Rong},
  journal={arXiv preprint arXiv:2308.07107},
  year={2023},
  doi = {10.48550/arXiv.2308.07107}
}

% Background

% first citation is the same as the first citation in introduction: lewis2020retrieval

@article{gao2023retrieval,
  title={Retrieval-augmented generation for large language models: A survey},
  author={Gao, Yunfan and Xiong, Yun and Gao, Xinyu and Jia, Kangxiang and Pan, Jinliu and Bi, Yuxi and Dai, Yi and Sun, Jiawei and Wang, Haofen},
  journal={arXiv preprint arXiv:2312.10997},
  year={2023},
  doi = {10.48550/arXiv.2312.10997}
}

@article{ai2023information,
  title={Information retrieval meets large language models: a strategic report from chinese ir community},
  author={Ai, Qingyao and Bai, Ting and Cao, Zhao and Chang, Yi and Chen, Jiawei and Chen, Zhumin and Cheng, Zhiyong and Dong, Shoubin and Dou, Zhicheng and Feng, Fuli and others},
  journal={AI Open},
  volume={4},
  pages={80--90},
  year={2023},
  publisher={Elsevier},
  doi = {10.1016/j.aiopen.2023.08.001}
}

@article{chen2023temporal,
  title={Temporal knowledge question answering via abstract reasoning induction},
  author={Chen, Ziyang and Li, Dongfang and Zhao, Xiang and Hu, Baotian and Zhang, Min},
  journal={arXiv preprint arXiv:2311.09149},
  year={2023},
  doi = {10.48550/arXiv.2311.09149}
}

@article{zhang2024event,
  title={Event Temporal Relation Extraction based on Retrieval-Augmented on LLMs},
  author={Zhang, Xiaobin and Zang, Liangjun and Liu, Qianwen and Wei, Shuchong and Hu, Songlin},
  journal={arXiv preprint arXiv:2403.15273},
  year={2024},
  doi = {10.48550/arXiv.2403.15273}
}

@article{mann2020language,
  title={Language models are few-shot learners},
  author={Mann, Ben and Ryder, N and Subbiah, M and Kaplan, J and Dhariwal, P and Neelakantan, A and Shyam, P and Sastry, G and Askell, A and Agarwal, S and others},
  journal={arXiv preprint arXiv:2005.14165},
  year={2020},
  url = {https://proceedings.neurips.cc/paper/2020/hash/1457c0d6bfcb4967418bfb8ac142f64a-Abstract.html}
}

@article{kynoch2023recallm,
  title={Recallm: An architecture for temporal context understanding and question answering},
  author={Kynoch, Brandon and Latapie, Hugo},
  journal={arXiv preprint arXiv:2307.02738},
  year={2023},
  doi = {10.48550/arXiv.2307.02738}
}

@article{dhingra2022time,
  title={Time-aware language models as temporal knowledge bases},
  author={Dhingra, Bhuwan and Cole, Jeremy R and Eisenschlos, Julian Martin and Gillick, Daniel and Eisenstein, Jacob and Cohen, William W},
  journal={Transactions of the Association for Computational Linguistics},
  volume={10},
  pages={257--273},
  year={2022},
  publisher={MIT Press One Broadway, 12th Floor, Cambridge, Massachusetts 02142, USA~â€¦},
  doi = {10.1162/tacl_a_00459}
}

@article{moulahi2016time,
  title={When time meets information retrieval: Past proposals, current plans and future trends},
  author={Moulahi, Bilel and Tamine, Lynda and Yahia, Sadok Ben},
  journal={Journal of Information Science},
  volume={42},
  number={6},
  pages={725--747},
  year={2016},
  publisher={SAGE Publications Sage UK: London, England},
  doi = {10.1177/0165551515607277}
}

@inproceedings{whiting2016temporal,
  title={Temporal Dynamics in Information Retrieval},
  author={Whiting, Stewart},
  booktitle={ACM SIGIR Forum},
  volume={50},
  number={1},
  pages={97--98},
  year={2016},
  organization={ACM New York, NY, USA},
  doi = {10.1145/2964797.2964818}
}

@article{campos2014survey,
  title={Survey of temporal information retrieval and related applications},
  author={Campos, Ricardo and Dias, Ga{\"e}l and Jorge, Al{\'\i}pio M and Jatowt, Adam},
  journal={ACM Computing Surveys (CSUR)},
  volume={47},
  number={2},
  pages={1--41},
  year={2014},
  publisher={ACM New York, NY, USA},
  doi = {10.1145/2619088}
}

@article{chen2021dataset,
  title={A dataset for answering time-sensitive questions},
  author={Chen, Wenhu and Wang, Xinyi and Wang, William Yang},
  journal={arXiv preprint arXiv:2108.06314},
  year={2021},
  doi = {10.48550/arXiv.2108.06314}
}