% EXAMPLE
@article{moulahi2016time,
  title={When time meets information retrieval: Past proposals, current plans and future trends},
  author={Moulahi, Bilel and Tamine, Lynda and Yahia, Sadok Ben},
  journal={Journal of Information Science},
  volume={42},
  number={6},
  pages={725--747},
  year={2016},
  publisher={SAGE Publications Sage UK: London, England},
  doi = {https://doi.org/10.1177/0165551515607277}
}